@inproceedings{cite1,
author = {Her Name and His Name},
year = {2016},
title = {AAMLP Project },
booktitle = {The Journal Where It Was Published}
}

@inproceedings{cite2,
author = {Name1 and Name2 and Name3},
year = {2016},
title = {The Title of Said Publication},
booktitle = {Publishing Venue}, 
pages = {123-345} 
} 
